@Misc{fotoSprinkler,
	OPTkey = {key},
	OPTauthor = {author},
	OPTtitle = {title},
	OPThowpublished = {howpublished},
	OPTmonth = {month},
	OPTyear = {year},
	OPTnote = {note},
	OPTannote = {annote},
}
